@article{fattree1985,
    title={Fat-trees: Universal Networks for Hardware-efficient Supercomputing},
    author={Charles E. Leiserson},
    journal = {IEEE Transactions on Computers},
    volume = {34},
    number = {10},
    pages = {892--901},
    month = oct,
    year = {1985},
    publisher = {IEEE}
}

@inproceedings{jellyfish2012,
    title={Jellyfish: Networking data centers randomly},
    author={Ankit Singla and Chi-Yao Hong and Lucian Popa and P. Brighten Godfrey},
    booktitle={Proceedings of the 9th USENIX conference on Networked Systems Design and Implementation},
    pages={17--17},
    year={2012},
    organization={USENIX Association}
}

@ONLINE{SWIM13,
    title = {Statistical Workload Injector for MapReduce (SWIM)},
    month = Aug,
    year = {2013},
    url = {https://github.com/SWIMProjectUCB/SWIM/wiki}
}

@ONLINE{FloydWarshall13,
    title = {Floyd-Warshall Algorithm},
    month = Aug,
    year = 2013,
    url = {2013http://en.wikipedia.org/wiki/Floydâ€“Warshall_algorithm}
}

@article{flowcomb13,
  title={Transparent and Flexible Network Management for Big Data Processing in the Cloud},
  author={Das, Anupam and Lumezanu, Cristian and Zhang, Yueping and Singh, Vishal and Jiang, Guofei and Yu, Curtis}
}
